% Encoding: UTF-8
@MISC{demainAdDaStru,
    author = {Prof Erik Demaine},
    title = {6.851: Advanced Data Structures Spring 2010},
    year = {}
}



@article{demainDinamicOpti,
author = { Demaine, Erik D. and  Harmon, Dion. and  Iacono, John. and  Patrascu, Mihai.},
title = {Dynamic Optimalityâ€”Almost},
journal = {SIAM Journal on Computing},
volume = {37},
number = {1},
pages = {240-251},
year = {2007},
doi = {10.1137/S0097539705447347},

URL = { 
        https://doi.org/10.1137/S0097539705447347
    
},
eprint = { 
        https://doi.org/10.1137/S0097539705447347    
}
}

@article{wilberLowerBounds,
author = {Wilber, Robert.},
title = {Lower Bounds for Accessing Binary Search Trees with Rotations},
journal = {SIAM Journal on Computing},
volume = {18},
number = {1},
pages = {56-67},
year = {1989},
doi = {10.1137/0218004},

URL = { 
        https://doi.org/10.1137/0218004
    
},
eprint = { 
        https://doi.org/10.1137/0218004
    
}

}





  
@Comment{jabref-meta: databaseType:bibtex;}
