

@Book{1,
  title     = {Computers and Intractability: A Guide to the Theory of NP-Completeness.},
  publisher = {W. H. Freeman \& Co., New York},
  year      = {1979},
  author    = {Michael R. Garey und David S. Johnson},
}

@inproceedings {2,AUTHOR = {Karp, Richard M.},
	TITLE = {Reducibility among combinatorial problems},
	BOOKTITLE = {Complexity of computer computations ({P}roc. {S}ympos.,
 	{IBM} {T}homas{J}. {W}atson {R}es. {C}enter, {Y}orktown {H}eights, {N}.{Y}.,1972)},
	PAGES = {85--103},PUBLISHER = {Plenum, New York},YEAR = {1972},
}

