@book{Tolkien54,
	author = {Tolkien, John R. R.},
	title = {The lord of the rings},
	year = {1954},
	address = {London},
	publisher = {{A}llen \& {U}nwin},
}

@book{ALSU06,
	author = {Aho, Alfred V. and Lam, Monica S. and
	          Sethi, Ravi and Ullman, Jeffrey D.},
	title = {Compilers: Principles, Techniques, and
	         Tools},
	year = {2006},
	publisher = {Addison-Wesley Longman Publishing
	             Co., Inc.},
	address = {Boston},
	edition = {2},
} 
