@article{sl2,
 author = {Sleator, Daniel Dominic and Tarjan, Robert Endre},
 title = {Self-adjusting Binary Search Trees},
 journal = {J. ACM},
 issue_date = {July 1985},
 volume = {32},
 number = {3},
 month = jul,
 year = {1985},
 issn = {0004-5411},
 pages = {652--686},
 numpages = {35},
 url = {http://doi.acm.org/10.1145/3828.3835},
 doi = {10.1145/3828.3835},
 acmid = {3835},
 publisher = {ACM},
 address = {New York, NY, USA},
}

@article{sl1,
 author = {Sleator, Daniel Dominic and Tarjan, Robert Endre},
 title = {Self-adjusting Binary Trees},
 booktitle = {Proceedings of the Fifteenth Annual ACM Symposium on Theory of Computing},
 series = {STOC '83},
 year = {1983},
 isbn = {0-89791-099-0},
 pages = {235--245},
 numpages = {11},
 url = {http://doi.acm.org/10.1145/800061.808752},
 doi = {10.1145/800061.808752},
 acmid = {808752},
 publisher = {ACM},
 address = {New York, NY, USA},
} 
@book{ab,
      author        = "Abramson, Norman",
      title         = "{Information theory and coding}",
      publisher     = "McGraw-Hill",
      address       = "New York, NY",
      series        = "McGraw-Hill electronic sciences series",
      year          = "1963",
      url           = "http://cds.cern.ch/record/104490",
}